@BOOK{aBook, 
	AUTHOR = "Someone", 
	TITLE = "A Book Title", 
	PUBLISHER = {A Publisher}, 
	ADDRESS = {A City, Place}, 
	YEAR = 1990}
